@Manual{R-base,
  title = {R: A Language and Environment for Statistical
    Computing},
  author = {{R Core Team}},
  organization = {R Foundation for Statistical Computing},
  address = {Vienna, Austria},
  year = {2016},
  url = {https://www.R-project.org/},
},

@article{Touchon_2016,
  doi = {10.1002/ecs2.1394},
  url = {https://doi.org/10.1002/ecs2.1394},
  year = {2016},
  month = {aug},
  publisher = {Wiley},
  volume = {7},
  number = {8},
  pages = {e01394},
  author = {Justin C. Touchon and Michael W. McCoy},
  title = {The mismatch between current statistical practice and doctoral~training in ecology},
  journal = {Ecosphere},
},

@misc{rexer2015,
author={Rexer},
url={https://www.rexeranalytics.com/data-science-survey.html},
title={Data Science Survey},
year={2015}
},

@book{WickhamR4DS,
  author={Hadley Wickham and Garrett Grolemund},
  title={R for Data Science},
  publisher={O'Reilly Media},
  year=2016,
  address="California"
}

